<?xml version="1.0" encoding="UTF-8"?><collection xmlns="http://www.loc.gov/MARC21/slim"><record><leader>00504nam--2200169-i-4500</leader><controlfield tag="001">000049839</controlfield><controlfield tag="002">20161230</controlfield><controlfield tag="005">20161230201047</controlfield><controlfield tag="008">060222s1000------------r-----000-0-eng-d</controlfield><datafield ind1=" " ind2=" " tag="040"><subfield code="a">IFIN-HH</subfield></datafield><datafield ind1=" " ind2=" " tag="080"><subfield code="a">539.1.073.3</subfield></datafield><datafield ind1="1" ind2=" " tag="110"><subfield code="a">University Of Nijmegen</subfield></datafield><datafield ind1="1" ind2="0" tag="245"><subfield code="a">Proceedings of the international colloquium on pepr, university of nijmegen, 5-7 june, 1968</subfield></datafield><datafield ind1=" " ind2=" " tag="260"><subfield code="a">Nijmegen, Netherlands</subfield><subfield code="b">University</subfield><subfield code="c">1968</subfield></datafield><datafield ind1=" " ind2=" " tag="300"><subfield code="a">139P</subfield></datafield><datafield ind1=" " ind2=" " tag="852"><subfield code="a">29503</subfield><subfield code="c">539.1.07:539.1.08</subfield></datafield><datafield ind1=" " ind2=" " tag="CAT"><subfield code="a">Sys</subfield><subfield code="c">20111021</subfield><subfield code="h">114218</subfield></datafield></record></collection>